
@article{biendarra_ning_2024,
	title = {Deﬁning ({Co})datatypes and {Primitively} ({Co})recursive {Functions} in {Isabelle}/{HOL}},
	url = {https://isabelle.in.tum.de/dist/doc/datatypes.pdf},
	abstract = {This tutorial describes the deﬁnitional package for datatypes and codatatypes, and for primitively recursive and corecursive functions, in Isabelle/HOL. The following commands are provided: datatype, datatype\_compat, primrec, codatatype, primcorec, primcorecursive, bnf, lift\_bnf, copy\_bnf, bnf\_axiomatization, print\_bnfs, and free\_constructors.},
	language = {en},
	urldate = {2024-05-26},
	author = {Biendarra, Julian and Blanchette, Jasmin and Desharnais, Martin and Panny, Lorenz and Popescu, Andrei and Traytel, Dmitriy},
	month = may,
	year = {2024},
	file = {Biendarra et al. - Deﬁning (Co)datatypes and Primitively (Co)recursiv.pdf:C\:\\Users\\Afriza\\Zotero\\storage\\KJJCDZ4B\\Biendarra et al. - Deﬁning (Co)datatypes and Primitively (Co)recursiv.pdf:application/pdf},
}
